@book{Boylestad,
    author    = "Robert L. Boylestad; Louis Nashelsky; tradução: Sônia Midori Yamamoto;  revisão técnica: Alceu Ferreira Alves",
    title     = "DISPOSITIVOS
ELETRÔNICOS E TEORIA DE CIRCUITOS. 11ª ed.",
    year      = "2013",
    publisher = "Pearson Education do Brasil Ltda.",
    address   = "Rua Nelson Francisco, 26
CEP 02712-100 – São Paulo – SP – Brasil"
}


@misc{MATLAB,
    author    = "MathWorks",
    title     = "Math. Graphics. Programming. Disponível em: \url{https://www.mathworks.com/products/matlab.html}",
}

@misc{Simulink,
    author    = "MathWorks",
    title     = "Simulink: Simulation and Model-Based Design. Disponible en: \url{https://www.mathworks.com/products/simulink.html}",
}


@misc{TPBoileau,
    author    = "BOILEAU Thierry; MARTIN Jean-Philippe; MEIBODY-TABAR Farid; NAHID MOBARAKEH 
 Babak; PIERFEDERICI Serge",
    title     = "Travail Pratique - Modélisation Simulation et Commande des Machines ASynchrones",
}

@book{Sadiku,
    author    = "Charles K. Alexander; Matthew N. O. Sadiku; tradução: José Lucimar do Nascimento",
    title     = "FUNDAMENTOS DE CIRCUITOS elétricos. 5ª ed.",
    year      = "2013",
    publisher = "AMGH Editora Ltda.",
    address   = "Av. Embaixador Macedo Soares, 10.735 – Pavilhão 5 – Cond. Espace Center, Vila Anastácio, 05095-035 – São Paulo – SP – Brasil"
}


@article{ChinaWindIntegration,
    title     = "{Grid integration feasibility and investment planning of offshore wind power under carbon-neutral transition in China}",
    author    = "{Nature Communications}",
    journal   = "{Nature Communications}",
    year      = "{2023}",
    url       = "\url{https://www.nature.com/articles/s41467-023-35790-7}"
}

@article{EuropeEnergyTransition,
    title     = "{Five key areas for Europe’s energy transition}",
    author    = "{McKinsey \& Company}",
    journal   = "{McKinsey \& Company}",
    year      = "{2023}",
    url       = "\url{https://www.mckinsey.com/industries/electric-power-and-natural-gas/our-insights/five-key-areas-for-europes-energy-transition}"
}

@article{Qi2023DFIG,
    author    = {Qi, Liu and Jiahui, Wu and Haiyun, Wang and Hua, Zhang and Jian, Yang},
    title     = {Effect of DFIG control parameters on small signal stability in power systems},
    journal   = {Scientific Reports},
    year      = {2023},
    volume    = {13},
    number    = {2476},
    url       = "\url{https://www.nature.com/articles/s41598-023-29278-5}",
    doi       = {10.1038/s41598-023-29278-5}
}

@article{Duesterhoeft1951,
  title={Determination of Instantaneous Currents and Voltages by Means of Alpha, Beta, and Zero Components},
  author={W. C. Duesterhoeft and Max W. Schulz and Edith Clarke},
  journal={Transactions of the American Institute of Electrical Engineers},
  volume={70},
  number={2},
  pages={1248--1255},
  year={1951},
  month={Jul},
  publisher={IEEE},
  issn={0096-3860},
  doi={10.1109/T-AIEE.1951.5060554}
}

@inproceedings{Tahri2007,
  title={Analysis and Control of Advanced Static VAR Compensator Based on the Theory of the Instantaneous Reactive Power},
  author={F. Tahri and A. Tahri and Eid A. AlRadadi and A. Draou Senior},
  booktitle={ACEMP},
  year={2007},
  address={Bodrum},
}


@article{Chattopadhyay2008,
  title={Area Based Approach for Three Phase Power Quality Assessment in Clarke Plane},
  author={S. Chattopadhyay and M. Mitra and S. Sengupta},
  journal={Journal of Electrical Systems},
  volume={04},
  number={01},
  pages={62},
  year={2008},
  url={https://web.archive.org/web/20150502000000*/[URL]},
  note={Consulté le 2 mai 2015}
}


@phdthesis{Boyette2006,
    author       = {Armand Boyette},
    title        = {Contrôle-commande d'un générateur asynchrone à double alimentation avec système de stockage pour la production éolienne},
    school       = {Université Henri Poincaré Nancy 1},
    year         = {2006},
    type         = {Thèse de doctorat en génie électrique},
    month        = {décembre},
    url          = "\url{https://docnum.univ-lorraine.fr/public/SCD_T_2006_0162_BOYETTE.pdf}",
    note         = {Groupe de Recherche en Electrotechnique et Electronique de Nancy}
}


@misc{Zureks,
    author    = "Zureks",
    title     = "Stator and rotor of a three-phase induction motor: 0.75 kW, 1420 rpm, 50 Hz, 230-400 V AC, 3.4-2.0 A",
    year      = "2008",
    howpublished = "\url{https://fr.m.wikipedia.org/wiki/Fichier:Stator_and_rotor_by_Zureks.JPG}",
    note      = "Licence Creative Commons Attribution-Share Alike 3.0 Unported"
}
